
@article{Canard2014EmpEva,
  title = {Empirical Evaluation of Neutral Interactions in Host-Parasite Networks},
  author = {Canard, E. F. and Mouquet, N. and Mouillot, D. and Stanko, M. and Miklisova, D. and Gravel, D.},
  year = {2014},
  journal = {The American Naturalist},
  volume = {183},
  number = {4},
  pages = {468--479},
  doi = {10.1086/675363},
  language = {eng}
}

@incollection{Dunne2006NetStr,
  title = {The {{Network Structure}} of {{Food Webs}}},
  booktitle = {Ecological Networks: {{Linking}} Structure and Dynamics},
  author = {Dunne, Jennifer A},
  editor = {Dunne, Jennifer A and Pascual, Mercedes},
  year = {2006},
  pages = {27--86},
  publisher = {{Oxford University Press}}
}

@article{Frund2021DisSpe,
  title = {Dissimilarity of Species Interaction Networks: How to Partition Rewiring and Species Turnover Components},
  author = {Fr{\"u}nd, Jochen},
  year = {2021},
  journal = {Ecosphere},
  volume = {12},
  number = {7},
  pages = {e03653},
  issn = {2150-8925},
  doi = {10.1002/ecs2.3653},
  language = {en}
}

@article{Higino2021BetPhy,
  ids = {Higino2020BetPhy},
  title = {Beta and Phylogenetic Diversities Tell Complementary Stories about Ecological Networks Biogeography},
  author = {Higino, Gracielle T. and Poisot, Timoth{\'e}e},
  year = {2021},
  journal = {Parasitology},
  pages = {1--23},
  issn = {1469-8161},
  doi = {10.1017/S0031182021000391},
  language = {eng}
}

@article{Koleff2003MeaBet,
  title = {Measuring Beta Diversity for Presence\textendash Absence Data},
  author = {Koleff, Patricia and Gaston, Kevin J. and Lennon, Jack J.},
  year = {2003},
  journal = {Journal of Animal Ecology},
  volume = {72},
  number = {3},
  pages = {367--382},
  issn = {1365-2656},
  doi = {10.1046/j.1365-2656.2003.00710.x},
  language = {en}
}

@article{Novotny2009BetDiv,
  title = {Beta Diversity of Plant\textendash Insect Food Webs in Tropical Forests: A Conceptual Framework},
  author = {Novotny, Vojtech},
  year = {2009},
  journal = {Insect Conservation and Diversity},
  volume = {2},
  number = {1},
  pages = {5--9},
  issn = {1752-4598},
  doi = {10.1111/j.1752-4598.2008.00035.x},
  language = {en}
}

@article{Poisot2012DisSpe,
  title = {The Dissimilarity of Species Interaction Networks},
  author = {Poisot, Timoth{\'e}e and Canard, Elsa and Mouillot, David and Mouquet, Nicolas and Gravel, Dominique},
  year = {2012},
  journal = {Ecology Letters},
  volume = {15},
  number = {12},
  pages = {1353--1361},
  issn = {1461023X},
  doi = {10.1111/ele.12002},
  language = {ENG}
}

@article{Wilson1984MeaBet,
  title = {Measuring {{Beta Diversity}} with {{Presence}}-{{Absence Data}}},
  author = {Wilson, M. V. and Shmida, A.},
  year = {1984},
  journal = {Journal of Ecology},
  volume = {72},
  number = {3},
  pages = {1055--1064},
  publisher = {{[Wiley, British Ecological Society]}},
  issn = {0022-0477},
  doi = {10.2307/2259551}
}


