
@article{Banville2021ManJl,
  title = {Mangal.Jl and {{EcologicalNetworks}}.Jl: Two Complementary Packages for Analyzing Ecological Networks in {{Julia}}},
  author = {Banville, Francis and Vissault, Steve and Poisot, Timoth{\'e}e},
  year = {2021},
  journal = {Journal of Open Source Software},
  volume = {6},
  number = {61},
  pages = {2721},
  issn = {2475-9066},
  doi = {10.21105/joss.02721},
  langid = {english}
}

@article{Baronio2021NatFir,
  title = {Natural Fire Does Not Affect the Structure and Beta Diversity of Plant-Pollinator Networks, but Diminishes Floral-Visitor Specialization in {{Cerrado}}},
  author = {Baronio, Gudryan J. and Souza, Camila S. and Maruyama, Pietro K. and Raizer, Josu{\'e} and Sigrist, Maria Ros{\^a}ngela and Aoki, Camila},
  year = {2021},
  journal = {Flora},
  volume = {281},
  pages = {151869},
  issn = {0367-2530},
  doi = {10.1016/j.flora.2021.151869},
  langid = {english}
}

@article{Campos-Moreno2021ImpInt,
  title = {Importance of Interaction Rewiring in Determining Spatial and Temporal Turnover of Tritrophic ({{Piper}}-Caterpillar-Parasitoid) Metanetworks in the {{Yucat\'an Pen\'insula}}, {{M\'exico}}},
  author = {{Campos-Moreno}, Diego F. and Dyer, Lee A. and Salcido, Danielle and Massad, Tara Joy and {P{\'e}rez-Lachaud}, Gabriela and Tepe, Eric J. and Whitfield, James B. and Pozo, Carmen},
  year = {2021},
  journal = {Biotropica},
  volume = {53},
  number = {4},
  pages = {1071--1081},
  issn = {1744-7429},
  doi = {10.1111/btp.12946},
  langid = {english}
}

@article{Canard2014EmpEva,
  title = {Empirical Evaluation of Neutral Interactions in Host-Parasite Networks},
  author = {Canard, E. F. and Mouquet, N. and Mouillot, D. and Stanko, M. and Miklisova, D. and Gravel, D.},
  year = {2014},
  journal = {The American Naturalist},
  volume = {183},
  number = {4},
  pages = {468--479},
  doi = {10.1086/675363},
  langid = {english}
}

@incollection{Dunne2006NetStr,
  title = {The {{Network Structure}} of {{Food Webs}}},
  booktitle = {Ecological Networks: Linking Structure and Dynamics},
  author = {Dunne, Jennifer A},
  editor = {Dunne, Jennifer A and Pascual, Mercedes},
  year = {2006},
  pages = {27--86},
  publisher = {{Oxford University Press}}
}

@article{Frund2021DisSpe,
  title = {Dissimilarity of Species Interaction Networks: How to Partition Rewiring and Species Turnover Components},
  author = {Fr{\"u}nd, Jochen},
  year = {2021},
  journal = {Ecosphere},
  volume = {12},
  number = {7},
  pages = {e03653},
  issn = {2150-8925},
  doi = {10.1002/ecs2.3653},
  langid = {english}
}

@article{Gowda2021HigSym,
  title = {High-Performance Symbolic-Numerics via Multiple Dispatch},
  author = {Gowda, Shashi and Ma, Yingbo and Cheli, Alessandro and Gwozdz, Maja and Shah, Viral B. and Edelman, Alan and Rackauckas, Christopher},
  year = {2021},
  journal = {arXiv:2105.03949 [cs]},
  eprint = {2105.03949},
  eprinttype = {arxiv},
  primaryclass = {cs},
  archiveprefix = {arXiv}
}

@article{Higino2021BetPhy,
  ids = {Higino2020BetPhy},
  title = {Beta and Phylogenetic Diversities Tell Complementary Stories about Ecological Networks Biogeography},
  author = {Higino, Gracielle T. and Poisot, Timoth{\'e}e},
  year = {2021},
  journal = {Parasitology},
  pages = {1--23},
  issn = {1469-8161},
  doi = {10.1017/S0031182021000391},
  langid = {english}
}

@article{Koleff2003MeaBet,
  title = {Measuring Beta Diversity for Presence\textendash Absence Data},
  author = {Koleff, Patricia and Gaston, Kevin J. and Lennon, Jack J.},
  year = {2003},
  journal = {Journal of Animal Ecology},
  volume = {72},
  number = {3},
  pages = {367--382},
  issn = {1365-2656},
  doi = {10.1046/j.1365-2656.2003.00710.x},
  langid = {english}
}

@article{Legendre2013BetDiv,
  title = {Beta Diversity as the Variance of Community Data: Dissimilarity Coefficients and Partitioning},
  author = {Legendre, Pierre and De C{\'a}ceres, Miquel},
  editor = {Morlon, H{\'e}l{\`e}ne},
  year = {2013},
  journal = {Ecology Letters},
  volume = {16},
  number = {8},
  pages = {951--963},
  issn = {1461023X},
  doi = {10.1111/ele.12141},
  langid = {english}
}

@article{Maestri2017ParBet,
  title = {Parasite Beta Diversity, Host Beta Diversity and Environment: Application of Two Approaches to Reveal Patterns of Flea Species Turnover in {{Mongolia}}},
  author = {Maestri, Renan and Shenbrot, Georgy I. and Krasnov, Boris R.},
  year = {2017},
  journal = {Journal of Biogeography},
  volume = {44},
  number = {8},
  pages = {1880--1890},
  issn = {1365-2699},
  doi = {10.1111/jbi.13025},
  langid = {english}
}

@article{Magrach2017PlaNet,
  title = {Plant-Pollinator Networks in Semi-Natural Grasslands Are Resistant to the Loss of Pollinators during Blooming of Mass-Flowering Crops},
  author = {Magrach, Ainhoa and Holzschuh, Andrea and Bartomeus, Ignasi and Riedinger, Verena and Roberts, Stuart P.M. and Rundl{\"o}f, Maj and Vuji{\'c}, Ante and Wickens, Jennifer B. and Wickens, Victoria J. and Bommarco, Riccardo and {Gonz{\'a}lez-Varo}, Juan P. and Potts, Simon G. and Smith, Henrik G. and {Steffan-Dewenter}, Ingolf and Vil{\`a}, Montserrat},
  year = {2017},
  journal = {Ecography},
  pages = {n/a-n/a},
  issn = {1600-0587},
  doi = {10.1111/ecog.02847},
  langid = {english}
}

@article{Novotny2009BetDiv,
  title = {Beta Diversity of Plant\textendash Insect Food Webs in Tropical Forests: A Conceptual Framework},
  author = {Novotny, Vojtech},
  year = {2009},
  journal = {Insect Conservation and Diversity},
  volume = {2},
  number = {1},
  pages = {5--9},
  issn = {1752-4598},
  doi = {10.1111/j.1752-4598.2008.00035.x},
  langid = {english}
}

@article{Ohlmann2018MapImp,
  title = {Mapping the Imprint of Biotic Interactions on {$\beta$}-Diversity},
  author = {Ohlmann, Marc and Mazel, Florent and Chalmandrier, Lo{\"i}c and Bec, St{\'e}phane and Coissac, Eric and Gielly, Ludovic and Pansu, Johan and Schilling, Vincent and Taberlet, Pierre and Zinger, Lucie and Chave, J{\'e}rome and Thuiller, Wilfried},
  year = {2018},
  journal = {Ecology Letters},
  volume = {21},
  number = {11},
  pages = {1660--1669},
  issn = {1461-0248},
  doi = {10.1111/ele.13143},
  langid = {english}
}

@article{Olsson2021IntPla,
  title = {Interactions between Plants and Pollinators across Urban and Rural Farming Landscapes},
  author = {Olsson, Rachel L. and Brousil, Matthew R. and Clark, Robert E. and Baine, Quinlyn and Crowder, David W.},
  year = {2021},
  journal = {Food Webs},
  volume = {27},
  pages = {e00194},
  issn = {2352-2496},
  doi = {10.1016/j.fooweb.2021.e00194},
  langid = {english}
}

@article{Poisot2012DisSpe,
  title = {The Dissimilarity of Species Interaction Networks},
  author = {Poisot, Timoth{\'e}e and Canard, Elsa and Mouillot, David and Mouquet, Nicolas and Gravel, Dominique},
  year = {2012},
  journal = {Ecology Letters},
  volume = {15},
  number = {12},
  pages = {1353--1361},
  issn = {1461023X},
  doi = {10.1111/ele.12002},
  langid = {english}
}

@article{Poisot2015SpeWhy,
  title = {Beyond Species: Why Ecological Interaction Networks Vary through Space and Time},
  author = {Poisot, Timoth{\'e}e and Stouffer, Daniel B. and Gravel, Dominique},
  year = {2015},
  journal = {Oikos},
  volume = {124},
  number = {3},
  pages = {243--251},
  doi = {10.1111/oik.01719},
  langid = {english}
}

@article{Poisot2016StrPro,
  title = {The Structure of Probabilistic Networks},
  author = {Poisot, Timoth{\'e}e and Cirtwill, Alyssa R. and Cazelles, K{\'e}vin and Gravel, Dominique and Fortin, Marie-Jos{\'e}e and Stouffer, Daniel B.},
  editor = {Vamosi, Jana},
  year = {2016},
  journal = {Methods in Ecology and Evolution},
  volume = {7},
  number = {3},
  pages = {303--312},
  issn = {2041210X},
  doi = {10.1111/2041-210X.12468},
  langid = {english}
}

@article{Poisot2017HosPar,
  title = {Hosts, Parasites and Their Interactions Respond to Different Climatic Variables},
  author = {Poisot, Timothee and {Gueveneux-Julien}, Cynthia and Fortin, Marie-Josee and Gravel, Dominique and Legendre, Pierre},
  year = {2017},
  journal = {Global Ecology and Biogeography},
  pages = {n/a-n/a},
  doi = {10.1111/geb.12602}
}

@article{Poisot2019EcoJl,
  title = {{{EcologicalNetworks}}.Jl - Analysing Ecological Networks},
  author = {Poisot, Timoth{\'e}e and Belisle, Zacharie and Hoebeke, Laura and Stock, Michiel and Szefer, Piotr},
  year = {2019},
  journal = {Ecography},
  doi = {10.1111/ecog.04310},
  langid = {english}
}

@article{Souza2021PlaSam,
  title = {Plant-Centred Sampling Estimates Higher Beta Diversity of Interactions than Pollinator-Based Sampling across Habitats},
  author = {Souza, Camila S. and Maruyama, Pietro K. and Santos, Karen C. B. S. and Varassin, Isabela G. and Gross, Caroline L. and Araujo, Andr{\'e}a C.},
  year = {2021},
  journal = {New Phytologist},
  volume = {230},
  number = {6},
  pages = {2501--2512},
  issn = {1469-8137},
  doi = {10.1111/nph.17334},
  langid = {english}
}

@article{Trojelsgaard2016EcoNet,
  title = {Ecological Networks in Motion: Micro- and Macroscopic Variability across Scales},
  author = {Tr{\o}jelsgaard, Kristian and Olesen, Jens M.},
  year = {2016},
  journal = {Functional Ecology},
  volume = {30},
  number = {12},
  pages = {1926--1935},
  issn = {1365-2435},
  doi = {10.1111/1365-2435.12710},
  langid = {english}
}

@article{Tuomisto2010DivBet,
  title = {A Diversity of Beta Diversities: Straightening up a Concept Gone Awry. {{Part}} 1. {{Defining}} Beta Diversity as a Function of Alpha and Gamma Diversity},
  author = {Tuomisto, Hanna},
  year = {2010},
  journal = {Ecography},
  volume = {33},
  number = {1},
  pages = {2--22},
  issn = {1600-0587},
  doi = {10.1111/j.1600-0587.2009.05880.x},
  langid = {english}
}

@article{Wilson1984MeaBet,
  title = {Measuring {{Beta Diversity}} with {{Presence}}-{{Absence Data}}},
  author = {Wilson, M. V. and Shmida, A.},
  year = {1984},
  journal = {Journal of Ecology},
  volume = {72},
  number = {3},
  pages = {1055--1064},
  publisher = {{[Wiley, British Ecological Society]}},
  issn = {0022-0477},
  doi = {10.2307/2259551}
}


